<?xml version="1.0" encoding="UTF-8"?><collection xmlns="http://www.loc.gov/MARC21/slim"><record><leader>00512nam--2200169-u-4500</leader><controlfield tag="001">000054221</controlfield><controlfield tag="002">20161230</controlfield><controlfield tag="005">20161230201051</controlfield><controlfield tag="008">110919s1000------------r-----000-0-eng-d</controlfield><datafield ind1=" " ind2=" " tag="040"><subfield code="a">IFIN-HH</subfield></datafield><datafield ind1=" " ind2=" " tag="080"><subfield code="a">538.221:621.318.1:538.662</subfield></datafield><datafield ind1="1" ind2=" " tag="100"><subfield code="a">Tehan, Basil Louis</subfield></datafield><datafield ind1="1" ind2="0" tag="245"><subfield code="a">Magnetic phase transitions in ferromagnetic materials</subfield><subfield code="b">Dissertation</subfield><subfield code="c">Basil louis tehan</subfield></datafield><datafield ind1=" " ind2=" " tag="260"><subfield code="a">Ann Arbor, Michigan</subfield><subfield code="b">University Microfilms, Inc</subfield><subfield code="c">1970</subfield></datafield><datafield ind1=" " ind2=" " tag="300"><subfield code="a">80P</subfield></datafield><datafield ind1=" " ind2=" " tag="852"><subfield code="a">36617</subfield><subfield code="c">538.221</subfield></datafield><datafield ind1=" " ind2=" " tag="CAT"><subfield code="a">Sys</subfield><subfield code="c">20110919</subfield><subfield code="h">110233</subfield></datafield></record></collection>